@Article{mlknn,
    title = {ML-KNN: A LAzy Learning Approach to Multi-Label Learning},
    author = {{Min-Ling Zhang and Zhi-Hua Zhou}},
    journal = {Pattern Recognition},
    volume = {40},
    number = {7},
    pages = {2038-2048},
    year = {2007},
    DOI = {doi.org/10.1016/j.patcog.2006.12.019}
}

@Article{bpmll,
    title = {Multilabel Neural Networks with Applications to Functional Genomics and Text Categorization},
    author = {{Min-Ling Zhang and Zhi-Hua Zhou}},
    journal = {IEEE Transactions on Knowledge and Data Engineering},
    volume = {18},
    number = {10},
    pages = {1338-1351},
    year = {2006},
    DOI = {doi: 10.1109/TKDE.2006.162}
}

@article{witte1992putting,
  title={Putting the fear back into fear appeals: The extended parallel process model},
  author={Witte, Kim},
  journal={Communications Monographs},
  volume={59},
  number={4},
  pages={329--349},
  year={1992},
  publisher={Taylor \& Francis Group}
}

@article{witte1994fear,
  title={Fear control and danger control: A test of the extended parallel process model (EPPM)},
  author={Witte, Kim},
  journal={Communications Monographs},
  volume={61},
  number={2},
  pages={113--134},
  year={1994},
  publisher={Taylor \& Francis}
}

@article{de2020political,
  title={Political polarization in US residentsâ€™ COVID-19 risk perceptions, policy preferences, and protective behaviors},
  author={de Bruin, W{\"a}ndi Bruine and Saw, Htay-Wah and Goldman, Dana P},
  journal={Journal of risk and uncertainty},
  volume={61},
  number={2},
  pages={177--194},
  year={2020},
  publisher={Springer}
}

@article{van2020impact,
  title={The impact of political ideology on concern and behavior during COVID-19},
  author={van Holm, Eric and Monaghan, Jake and Shahar, Dan C and Messina, JP and Surprenant, Chris},
  journal={Available at SSRN 3573224},
  year={2020}
}
