@Article{mlknn,
    title = {ML-KNN: A Lazy Learning Approach to Multi-Label Learning},
    author = {{Min-Ling Zhang and Zhi-Hua Zhou}},
    journal = {Pattern Recognition},
    volume = {40},
    number = {7},
    pages = {2038-2048},
    year = {2007},
    DOI = {10.1016/j.patcog.2006.12.019}
}

@Article{bpmll,
    title = {Multilabel Neural Networks with Applications to Functional Genomics and Text Categorization},
    author = {{Min-Ling Zhang and Zhi-Hua Zhou}},
    journal = {IEEE Transactions on Knowledge and Data Engineering},
    volume = {18},
    number = {10},
    pages = {1338-1351},
    year = {2006},
    DOI = {doi: 10.1109/TKDE.2006.162}
}